<?xml version="1.0" encoding="UTF-8"?><collection xmlns="http://www.loc.gov/MARC21/slim"><record><leader>00505nam--2200181-i-4500</leader><controlfield tag="001">000016302</controlfield><controlfield tag="002">20161230</controlfield><controlfield tag="005">20161230201031</controlfield><controlfield tag="008">060222s1000------------r-----000-0-fre-d</controlfield><datafield ind1=" " ind2=" " tag="040"><subfield code="a">IFIN-HH</subfield></datafield><datafield ind1=" " ind2=" " tag="041"><subfield code="a">fre</subfield></datafield><datafield ind1=" " ind2=" " tag="080"><subfield code="a">539.17(043)</subfield></datafield><datafield ind1="1" ind2=" " tag="100"><subfield code="a">Basile, Robert</subfield></datafield><datafield ind1="1" ind2="0" tag="245"><subfield code="a">Reactions (n) au voisinage des seuils et structure fine dans certains elements moyens</subfield><subfield code="b">These</subfield><subfield code="c">Robert basile</subfield></datafield><datafield ind1=" " ind2=" " tag="260"><subfield code="a">Paris</subfield><subfield code="b">Universite</subfield><subfield code="c">1957</subfield></datafield><datafield ind1=" " ind2=" " tag="300"><subfield code="a">41 P</subfield></datafield><datafield ind1=" " ind2=" " tag="852"><subfield code="a">78095</subfield><subfield code="c">539.17</subfield></datafield><datafield ind1=" " ind2=" " tag="CAT"><subfield code="a">Sys</subfield><subfield code="c">20120626</subfield><subfield code="h">131510</subfield></datafield></record></collection>